@inproceedings{DBLP:conf/wea/GemsaPWZ13,
  author    = {Andreas Gemsa and
               Thomas Pajor and
               Dorothea Wagner and
               Tobias Z{\"{u}}ndorf},
  editor    = {Vincenzo Bonifaci and
               Camil Demetrescu and
               Alberto Marchetti{-}Spaccamela},
  title     = {Efficient Computation of Jogging Routes},
  booktitle = {Experimental Algorithms, 12th International Symposium, {SEA} 2013,
               Rome, Italy, June 5-7, 2013. Proceedings},
  series    = {Lecture Notes in Computer Science},
  volume    = {7933},
  pages     = {272--283},
  publisher = {Springer},
  year      = {2013},
  url       = {https://doi.org/10.1007/978-3-642-38527-8\_25},
  doi       = {10.1007/978-3-642-38527-8\_25},
  timestamp = {Tue, 14 May 2019 10:00:42 +0200},
  biburl    = {https://dblp.org/rec/conf/wea/GemsaPWZ13.bib},
  bibsource = {dblp computer science bibliography, https://dblp.org}
}
a service of  Schloss Dagstuhl - Leibniz Center for Informatics	homebrowsesearchabout
